@Report{Felippa2000,
	Author = {Felippa, Carlos A.},
	Title = {A Historical Outline of Matrix Structural Analysis: A Play in Three Acts},
	Department = {Department of Aerospace Engineering Sciences and Center for Aerospace Structures},
	School = {University of Colorado},
	Year = {2000}
}